<?xml version = "1.0" encoding = "UTF-8"?><OAI-PMH xmlns="http://www.openarchives.org/OAI/2.0/" xmlns:xsi="http://www.w3.org/2001/XMLSchema-instance" xsi:schemaLocation="http://www.openarchives.org/OAI/2.0/ http://www.openarchives.org/OAI/2.0/OAI-PMH.xsd"><ListRecords><record><header><identifier>aleph-publish:004753844</identifier></header><metadata><record xmlns="http://www.ddb.de/professionell/mabxml/mabxml-1.xsd"><leader>00884vM2.01200024------h</leader><controlfield tag="LDR">00884vM2.01200024------h</controlfield><controlfield tag="FMT">MH</controlfield><datafield tag="001" ind1="-" ind2="1"><subfield code="a">HT011170551</subfield></datafield><datafield tag="002" ind1="a" ind2="1"><subfield code="a">20000104</subfield></datafield><datafield tag="003" ind1="-" ind2="1"><subfield code="a">20060626</subfield></datafield><controlfield tag="030">a|1uc||||||37</controlfield><datafield tag="036" ind1="a" ind2="1"><subfield code="a">DE</subfield></datafield><datafield tag="037" ind1="b" ind2="1"><subfield code="a">ger</subfield></datafield><controlfield tag="050">||||||||g|||||</controlfield><controlfield tag="051">my||||||</controlfield><datafield tag="070" ind1="-" ind2="1"><subfield code="a">468</subfield></datafield><datafield tag="070" ind1="b" ind2="1"><subfield code="a">468</subfield></datafield><datafield tag="078" ind1="i" ind2="1"><subfield code="a">iall</subfield></datafield><datafield tag="078" ind1="d" ind2="1"><subfield code="a">lzDiss</subfield></datafield><datafield tag="080" ind1="-" ind2="1"><subfield code="a">60</subfield></datafield><datafield tag="100" ind1="b" ind2="1"><subfield code="p">Breidenich, Christof</subfield><subfield code="9">(DE-588)121741230</subfield></datafield><datafield tag="331" ind1="-" ind2="1"><subfield code="a">Malerei - die Ruhe w채hrend des Bildersturms</subfield></datafield><datafield tag="334" ind1="-" ind2="1"><subfield code="a">Elektronische Ressource</subfield></datafield><datafield tag="335" ind1="-" ind2="1"><subfield code="a">eine mediale Kritik des gemalten Bildes am Beginn des 21. Jahrhunderts</subfield></datafield><datafield tag="359" ind1="-" ind2="1"><subfield code="a">Christof Breidenich</subfield></datafield><datafield tag="425" ind1="a" ind2="1"><subfield code="a">1999</subfield></datafield><datafield tag="519" ind1="-" ind2="1"><subfield code="a">Wuppertal, Univ., Diss.</subfield></datafield><datafield tag="527" ind1="-" ind2="1"><subfield code="p">Buchausg. u.d.T.</subfield><subfield code="a">Breidenich, Christof: Malerei - die Ruhe w채hrend des Bildersturms</subfield></datafield><datafield tag="651" ind1="-" ind2="1"><subfield code="a">Systemvoraussetzungen</subfield><subfield code="b">Internet-Anschluss; Acrobat-Reader</subfield></datafield><datafield tag="652" ind1="a" ind2="1"><subfield code="a">Online-Ressource</subfield></datafield><datafield tag="655" ind1="e" ind2="1"><subfield code="s">1 Computerdatei (ca. 4,3 MB) + Ausz체ge (Titel, Inhaltsverzeichnis, ca. 20 KB)</subfield><subfield code="u">http://elpub.bib.uni-wuppertal.de/edocs/dokumente/fb05/diss1999/breidenich/</subfield></datafield><datafield tag="673" ind1="c" ind2="1"><subfield code="a">Wuppertal</subfield><subfield code="9">2027864-0</subfield></datafield><controlfield tag="SYS">004753844</controlfield><datafield tag="088" ind1=" " ind2=" "><subfield code="a">468</subfield><subfield code="e">Pr채senzbestand</subfield></datafield></record></metadata></record></ListRecords></OAI-PMH>